@article{Ahneman2018,
  doi = {10.1126/science.aar5169},
  url = {https://doi.org/10.1126/science.aar5169},
  year = {2018},
  month = apr,
  publisher = {American Association for the Advancement of Science ({AAAS})},
  volume = {360},
  number = {6385},
  pages = {186--190},
  author = {Derek T. Ahneman and Jes{\'{u}}s G. Estrada and Shishi Lin and Spencer D. Dreher and Abigail G. Doyle},
  title = {Predicting reaction performance in {C}{\textendash}{N} cross-coupling using machine learning},
  journal = {Science}
}


@article{Chuang2018,
  doi = {10.1126/science.aat8603},
  url = {https://doi.org/10.1126/science.aat8603},
  year = {2018},
  month = nov,
  publisher = {American Association for the Advancement of Science ({AAAS})},
  volume = {362},
  number = {6416},
  author = {Kangway V. Chuang and Michael J. Keiser},
  title = {Comment on {\textquotedblleft}{P}redicting reaction performance in {C}{\textendash}{N} cross-coupling using machine learning{\textquotedblright}},
  journal = {Science}
}


@article{Estrada2018,
  doi = {10.1126/science.aat8763},
  url = {https://doi.org/10.1126/science.aat8763},
  year = {2018},
  month = nov,
  publisher = {American Association for the Advancement of Science ({AAAS})},
  volume = {362},
  number = {6416},
  author = {Jes{\'{u}}s G. Estrada and Derek T. Ahneman and Robert P. Sheridan and Spencer D. Dreher and Abigail G. Doyle},
  title = {Response to Comment on {\textquotedblleft}Predicting reaction performance in {C}{\textendash}{N} cross-coupling using machine learning{\textquotedblright}},
  journal = {Science}
}

@article{10.1093/bioinformatics/btr300,
    author = {Tolo\c{s}i, Laura and Lengauer, Thomas},
    title = "{Classification with correlated features: unreliability of feature ranking and solutions}",
    journal = {Bioinformatics},
    volume = {27},
    number = {14},
    pages = {1986-1994},
    year = {2011},
    month = {05},
      issn = {1367-4803},
         doi = {10.1093/bioinformatics/btr300},
    url = {https://doi.org/10.1093/bioinformatics/btr300},
    eprint = {https://academic.oup.com/bioinformatics/article-pdf/27/14/1986/18530216/btr300.pdf},
}

@Article{Gregorutti2017,
author={Gregorutti, Baptiste
and Michel, Bertrand
and Saint-Pierre, Philippe},
title={Correlation and variable importance in random forests},
journal={Statistics and Computing},
year={2017},
month={May},
day={01},
volume={27},
number={3},
pages={659-678},
issn={1573-1375},
doi={10.1007/s11222-016-9646-1},
url={https://doi.org/10.1007/s11222-016-9646-1}
}


@article{GRIFFIN2019181,
title = {Lasso {ANOVA} decompositions for matrix and tensor data},
journal = {Computational Statistics \& Data Analysis},
volume = {137},
pages = {181-194},
year = {2019},
issn = {0167-9473},
doi = {https://doi.org/10.1016/j.csda.2019.02.005},
url = {https://www.sciencedirect.com/science/article/pii/S0167947319300520},
author = {Maryclare Griffin and Peter D. Hoff}
}


@InCollection{Wold66,
	author = {Wold, H.},
editor={F. N. David},
	BOOKTITLE = {Research papers in statistics: Festschrift for J. Neyman},
TITLE={Nonlinear estimation by iterative least squares procedure},
	PUBLISHER={Wiley},
	YEAR={1966},
	PAGES={411--444}
}

